<?xml version="1.0" encoding="UTF-8"?><collection xmlns="http://www.loc.gov/MARC21/slim"><record><leader>00448nam--2200145-i-4500</leader><controlfield tag="001">000010557</controlfield><controlfield tag="002">20161230</controlfield><controlfield tag="005">20161230201028</controlfield><controlfield tag="008">060222s1000------------r-----000-0-eng-d</controlfield><datafield ind1=" " ind2=" " tag="080"><subfield code="a">015:577.3:539.12.04</subfield></datafield><datafield ind1=" " ind2=" " tag="100"><subfield code="a">Boisard, Jean</subfield></datafield><datafield ind1=" " ind2=" " tag="245"><subfield code="a">Contribution a l`etude du metabolisme du phyto chromate et de ses proprietes in vivo. these</subfield></datafield><datafield ind1=" " ind2=" " tag="260"><subfield code="a">Rouen, La Faculte Des Science De L`Universite De Rouen, 1972. 156 P</subfield></datafield><datafield ind1=" " ind2=" " tag="490"><subfield code="a">Ao</subfield></datafield><datafield ind1=" " ind2=" " tag="852"><subfield code="a">38204</subfield></datafield></record></collection>